@inproceedings{Pey17,
  author    = {Simon {Peyton Jones}},
  title     = {How to Write a Great Research Paper},
  booktitle = {2017 Imperial College Computing Student Workshop, {ICCSW} 2017, September
               26-27, 2017, London, {UK}},
  pages     = {1:1--1:1},
  year      = {2017},    
  
}

@book{Wil09,
  title={Style: the basics of clarity and grace},
  author={Williams, Joseph M and Bizup, Joseph},
  year={2009},
  publisher={Pearson Longman}
}

@book{Pin15,
  title={The sense of style: The thinking person's guide to writing in the 21st century},
  author={Pinker, Steven},
  year={2015},
  publisher={Penguin Books}
}

@book{StrWhi07,
  title={The Elements of style},
  author={Strunk, William and Whyte, EB},
  year={2007},
  publisher={Penguin}
}

@book{Von80,
  title={How to write with style},
  author={Vonnegut, Kurt},
  year={1980},
  publisher={International Paper Company}
}

@incollection{Orw68,
  title={Politics and the {English} language},
  author={Orwell, George},
  booktitle={The collected essays, journalism and letters of George Orwell},
  pages={127--140},
  year={1968},
  publisher={Harcourt, Brace, Javanovich}
}

@misc{schreiber1973sybil,
  title={Sybil. NY},
  author={Schreiber, FR},
  year={1973},
  publisher={Warner Books, Inc., a Time Warner Company}
}




@book{narayanan2016bitcoin,
  title={Bitcoin and cryptocurrency technologies: a comprehensive introduction},
  author={Narayanan, Arvind and Bonneau, Joseph and Felten, Edward and Miller, Andrew and Goldfeder, Steven},
  year={2016},
  publisher={Princeton University Press}
}


@techreport{nakamoto2019bitcoin,
  title={Bitcoin: A peer-to-peer electronic cash system},
  author={Nakamoto, Satoshi},
  year={2019},
  institution={Manubot}
}

@inproceedings{merkle1987digital,
  title={A digital signature based on a conventional encryption function},
  author={Merkle, Ralph C},
  booktitle={Conference on the theory and application of cryptographic techniques},
  pages={369--378},
  year={1987},
  organization={Springer}
}

@misc{moscow, 
  title={What is MoSCoW Prioritization?: Overview of the MoSCoW Method},
  author={ProductPlan}, 
  url={https://www.productplan.com/glossary/moscow-prioritization/}, 
  journal={What is MoSCoW Prioritization? | Overview of the MoSCoW Method},
  note = {Accessed: 05/04/2020}
}

@misc{github,
  title={Github}, 
  url={https://github.com/}, 
  author={GitHub},
  journal={GitHub},
  note = {Accessed: 05/04/2020}
}

@misc{travis, 
  title={TravisCI}, 
  url={https://travis-ci.org/}, 
  journal={Travis CI - Test and Deploy Your Code with Confidence},
  author={TravisCI},
}

@inproceedings{douceur2002sybil,
  title={The sybil attack},
  author={Douceur, John R},
  booktitle={International workshop on peer-to-peer systems},
  pages={251--260},
  year={2002},
  organization={Springer}
}


@misc{bitcoinimage,
  title={Blockchain Guide - Bitcoin},
  url={https://bitcoin.org/en/blockchain-guide},
  author={Bitcoin},
  note={Accessed: 01/04/2020}
}

@misc{blockchainimage,
  title={Blockchain Guide - Bitcoin},
  url={https://blockchainwolf.net/blockchain-technology/what-is-blockchain-easiest-explanation-ever/},
  author={Vishwakarma, Anilkumar},
  year={2018},
  note={Accessed: 01/04/2020}
}

@misc{merkleimage,
  title={Merkle Trees},
  url={https://hackernoon.com/merkle-trees-181cb4bc30b4},
  author={Ray, Shaan},
  year={2017},
  note={Accessed: 01/04/2020}
}

@incollection{pilkington2016blockchain,
  title={Blockchain technology: principles and applications},
  author={Pilkington, Marc},
  booktitle={Research handbook on digital transformations},
  year={2016},
  publisher={Edward Elgar Publishing}
}

@misc{miningcode,
  title={Implementing a Simple Blockchain in Java},
  url={https://www.baeldung.com/java-blockchain},
  author={Chandrakant, Kumar},
  year={2019},
  note={Accessed: 06/04/2020}
}